@inproceedings{DBLP:conf/date/AnanthanarayananGP13,
  author    = {Sundaram Ananthanarayanan and
               Siddharth Garg and
               Hiren D. Patel},
  title     = {Low cost permanent fault detection using ultra-reduced instruction
               set co-processors},
  booktitle = {DATE},
  year      = {2013},
  pages     = {933-938},
  ee        = {http://dl.acm.org/citation.cfm?id=2485512},
  crossref  = {DBLP:conf/date/2013},
  bibsource = {DBLP, http://dblp.uni-trier.de}
}
@proceedings{DBLP:conf/date/2013,
  editor    = {Enrico Macii},
  title     = {Design, Automation and Test in Europe, DATE 13, Grenoble,
               France, March 18-22, 2013},
  booktitle = {DATE},
  publisher = {EDA Consortium San Jose, CA, USA / ACM DL},
  year      = {2013},
  isbn      = {978-1-4503-2153-2},
  ee        = {http://dl.acm.org/citation.cfm?id=2485288},
  bibsource = {DBLP, http://dblp.uni-trier.de}
}

@inproceedings{DBLP:conf/dac/RajendiranAPTG12,
  author    = {Aravindkumar Rajendiran and
               Sundaram Ananthanarayanan and
               Hiren D. Patel and
               Mahesh V. Tripunitara and
               Siddharth Garg},
  title     = {Reliable computing with ultra-reduced instruction set co-processors},
  booktitle = {DAC},
  year      = {2012},
  pages     = {697-702},
  ee        = {http://doi.acm.org/10.1145/2228360.2228485},
  crossref  = {DBLP:conf/dac/2012},
  bibsource = {DBLP, http://dblp.uni-trier.de}
}
@proceedings{DBLP:conf/dac/2012,
  editor    = {Patrick Groeneveld and
               Donatella Sciuto and
               Soha Hassoun},
  title     = {The 49th Annual Design Automation Conference 2012, DAC '12,
               San Francisco, CA, USA, June 3-7, 2012},
  booktitle = {DAC},
  publisher = {ACM},
  year      = {2012},
  isbn      = {978-1-4503-1199-1},
  ee        = {http://dl.acm.org/citation.cfm?id=2228360},
  bibsource = {DBLP, http://dblp.uni-trier.de}
}