@inproceedings{DBLP:conf/eurosys/Ananthanarayanan19,
  author    = {Sundaram Ananthanarayanan and
               Masoud Saeida Ardekani and
               Denis Haenikel and
               Balaji Varadarajan and
               Simon Soriano and
               Dhaval Patel and
               Ali{-}Reza Adl{-}Tabatabai},
  title     = {Keeping Master Green at Scale},
  booktitle = {EuroSys Conference 2019, Dresden, Germany},
  pages     = {29:1--29:15},
  year      = {2019},
  crossref  = {DBLP:conf/eurosys/2019},
  url       = {https://doi.org/10.1145/3302424.3303970},
  doi       = {10.1145/3302424.3303970},
  timestamp = {Thu, 28 Mar 2019 13:37:53 +0100},
  biburl    = {https://dblp.org/rec/bib/conf/eurosys/Ananthanarayanan19},
  bibsource = {dblp computer science bibliography, https://dblp.org}
}

@inproceedings{DBLP:conf/icml/AmodeiABCCCCCCD16,
  author    = {Dario Amodei and
               Sundaram Ananthanarayanan and
               Rishita Anubhai and
               Jingliang Bai and
               Eric Battenberg and
               Carl Case and
               Jared Casper and
               Bryan Catanzaro and
               Jingdong Chen and
               Mike Chrzanowski and
               Adam Coates and
               Greg Diamos and
               Erich Elsen and
               Jesse H. Engel and
               Linxi Fan and
               Christopher Fougner and
               Awni Y. Hannun and
               Billy Jun and
               Tony Han and
               Patrick LeGresley and
               Xiangang Li and
               Libby Lin and
               Sharan Narang and
               Andrew Y. Ng and
               Sherjil Ozair and
               Ryan Prenger and
               Sheng Qian and
               Jonathan Raiman and
               Sanjeev Satheesh and
               David Seetapun and
               Shubho Sengupta and
               Chong Wang and
               Yi Wang and
               Zhiqian Wang and
               Bo Xiao and
               Yan Xie and
               Dani Yogatama and
               Jun Zhan and
               Zhenyao Zhu},
  title     = {Deep Speech 2 : End-to-End Speech Recognition in English and Mandarin},
  booktitle = {International Conference on Machine Learning,
               {ICML} 2016},
  pages     = {173--182},
  year      = {2016},
  crossref  = {DBLP:conf/icml/2016},
  url       = {http://proceedings.mlr.press/v48/amodei16.html},
  timestamp = {Mon, 22 Jul 2019 01:00:00 +0200},
  biburl    = {https://dblp.org/rec/bib/conf/icml/AmodeiABCCCCCCD16},
  bibsource = {dblp computer science bibliography, https://dblp.org}
}

% @inproceedings{DBLP:conf/date/AnanthanarayananGP13,
%   author    = {Sundaram Ananthanarayanan and
%                Siddharth Garg and
%                Hiren D. Patel},
%   title     = {Low cost permanent fault detection using ultra-reduced instruction
%                set co-processors},
%   booktitle = {Design, Automation and Test in Europe, {DATE} 13, Grenoble, France,
%                March 18-22, 2013},
%   pages     = {933--938},
%   year      = {2013},
%   crossref  = {DBLP:conf/date/2013},
%   url       = {https://doi.org/10.7873/DATE.2013.196},
%   doi       = {10.7873/DATE.2013.196},
%   timestamp = {Tue, 23 May 2017 01:00:00 +0200},
%   biburl    = {https://dblp.org/rec/bib/conf/date/AnanthanarayananGP13},
%   bibsource = {dblp computer science bibliography, https://dblp.org}
% }

% @inproceedings{DBLP:conf/dac/RajendiranAPTG12,
%   author    = {Aravindkumar Rajendiran and
%                Sundaram Ananthanarayanan and
%                Hiren D. Patel and
%                Mahesh V. Tripunitara and
%                Siddharth Garg},
%   title     = {Reliable computing with ultra-reduced instruction set co-processors},
%   booktitle = {The 49th Annual Design Automation Conference 2012, {DAC} '12, San
%                Francisco, CA, USA, June 3-7, 2012},
%   pages     = {697--702},
%   year      = {2012},
%   crossref  = {DBLP:conf/dac/2012},
%   url       = {https://doi.org/10.1145/2228360.2228485},
%   doi       = {10.1145/2228360.2228485},
%   timestamp = {Tue, 06 Nov 2018 00:00:00 +0100},
%   biburl    = {https://dblp.org/rec/bib/conf/dac/RajendiranAPTG12},
%   bibsource = {dblp computer science bibliography, https://dblp.org}
% }